@article{cadena2016past,
  title={Past, present, and future of simultaneous localization and mapping: Toward the robust-perception age},
  author={Cadena, Cesar and Carlone, Luca and Carrillo, Henry and Latif, Yasir and Scaramuzza, Davide and Neira, Jos{\'e} and Reid, Ian and Leonard, John J},
  journal={IEEE Transactions on Robotics},
  volume={32},
  number={6},
  pages={1309--1332},
  year={2016},
  publisher={IEEE}
}

@article{mur2015orb,
	title={ORB-SLAM: a versatile and accurate monocular SLAM system},
	author={Mur-Artal, Raul and Montiel, Jose Maria Martinez and Tardos, Juan D},
	journal={IEEE Transactions on Robotics},
	volume={31},
	number={5},
	pages={1147--1163},
	year={2015},
	publisher={IEEE}
}

@inproceedings{klein2007parallel,
	title={Parallel tracking and mapping for small AR workspaces},
	author={Klein, Georg and Murray, David},
	booktitle={Mixed and Augmented Reality, 2007. ISMAR 2007. 6th IEEE and ACM International Symposium on},
	pages={225--234},
	year={2007},
	organization={IEEE}
}

@inproceedings{newcombe2011dtam,
	title={DTAM: Dense tracking and mapping in real-time},
	author={Newcombe, Richard A and Lovegrove, Steven J and Davison, Andrew J},
	booktitle={Computer Vision (ICCV), 2011 IEEE International Conference on},
	pages={2320--2327},
	year={2011},
	organization={IEEE}
}

@InProceedings{kerl13iros,
	author =    {C. Kerl and J. Sturm and D. Cremers},
	title =     {Dense Visual SLAM for RGB-D Cameras},
	booktitle = {Proc. of the Int. Conf. on Intelligent Robot Systems (IROS)},
	year =      2013,
	keywords={dense visual odometry,dense visual slam,rgb-d,rgb-d benchmark}
}

@inproceedings{berger2014state,
	title={State of the art in surface reconstruction from point clouds},
	author={Berger, Matthew and Tagliasacchi, Andrea and Seversky, Lee and Alliez, Pierre and Levine, Joshua and Sharf, Andrei and Silva, Claudio},
	booktitle={EUROGRAPHICS star reports},
	volume={1},
	number={1},
	pages={161--185},
	year={2014}
}

@inproceedings{newcombe2011kinectfusion,
	title={KinectFusion: Real-time dense surface mapping and tracking},
	author={Newcombe, Richard A and Izadi, Shahram and Hilliges, Otmar and Molyneaux, David and Kim, David and Davison, Andrew J and Kohi, Pushmeet and Shotton, Jamie and Hodges, Steve and Fitzgibbon, Andrew},
	booktitle={Mixed and augmented reality (ISMAR), 2011 10th IEEE international symposium on},
	pages={127--136},
	year={2011},
	organization={IEEE}
}

@article{kahler2015very,
	title={Very high frame rate volumetric integration of depth images on mobile devices},
	author={K{\"a}hler, Olaf and Prisacariu, Victor Adrian and Ren, Carl Yuheng and Sun, Xin and Torr, Philip and Murray, David},
	journal={IEEE transactions on visualization and computer graphics},
	volume={21},
	number={11},
	pages={1241--1250},
	year={2015},
	publisher={IEEE}
}

@inproceedings{steinbrucker2014volumetric,
	title={Volumetric 3D mapping in real-time on a CPU},
	author={Steinbr{\"u}cker, Frank and Sturm, J{\"u}rgen and Cremers, Daniel},
	booktitle={Robotics and Automation (ICRA), 2014 IEEE International Conference on},
	pages={2021--2028},
	year={2014},
	organization={IEEE}
}

@inproceedings{salas2013slam++,
	title={Slam++: Simultaneous localisation and mapping at the level of objects},
	author={Salas-Moreno, Renato F and Newcombe, Richard A and Strasdat, Hauke and Kelly, Paul HJ and Davison, Andrew J},
	booktitle={Proceedings of the IEEE conference on computer vision and pattern recognition},
	pages={1352--1359},
	year={2013}
}


